@article{jo2016,
  title={Improvement of Spectral Fingerprint for Audio Content Recognition},
  author={Jo, Jeongseok and Han, Sungjun and Kim, Jongweon},
  year={2016}
}

@inproceedings{chen2015,
  title={Detecting Repeating Pattern in Fingerprint Feature Sequence},
  author={Chen, Mei and Xiao, Qingmei and Matsumoto, Kazuyuki and Luo, Xin},
  booktitle={2015 Fifth International Conference on Instrumentation and Measurement, Computer, Communication and Control (IMCCC)},
  pages={1864--1869},
  year={2015},
  organization={IEEE}
}

@misc{sharifi2015,
  title={Unified recognition of speech and music},
  author={Sharifi, Matthew and Shahshahani, Ben and Roblek, Dominik},
  year={2015},
  month=dec # "~29",
  publisher={Google Patents},
  note={US Patent 9,224,385}
}

@article{lee2013,
  title={An efficient audio fingerprint search algorithm for music retrieval},
  author={Lee, Sunhyung and Yook, Dongsuk and Chang, Sukmoon},
  journal={Consumer Electronics, IEEE Transactions on},
  volume={59},
  number={3},
  pages={652--656},
  year={2013},
  publisher={IEEE}
}

@article{li2015,
  title={Automatic Instrument Recognition in Polyphonic Music Using Convolutional Neural Networks},
  author={Li, Peter and Qian, Jiyuan and Wang, Tian},
  journal={arXiv preprint arXiv:1511.05520},
  year={2015}
}


@article{wang2006,
  title={The Shazam music recognition service},
  author={Wang, Avery},
  journal={Communications of the ACM},
  volume={49},
  number={8},
  pages={44--48},
  year={2006},
  publisher={ACM}
}

@inproceedings{kim2008,
  title={Music fingerprint extraction for classical music cover song identification},
  author={Kim, Samuel and Unal, Erdem and Narayanan, Shrikanth},
  booktitle={Multimedia and Expo, 2008 IEEE International Conference on},
  pages={1261--1264},
  year={2008},
  organization={IEEE}
}

@book{burnett2006,
  title={The MPEG-21 book},
  author={Burnett, Ian S and Pereira, Fernando and Van de Walle, Rik and Koenen, Rob},
  year={2006},
  publisher={Wiley Online Library}
}

@misc{kalker2009,
  title={Fingerprint database updating method, client and server},
  author={Kalker, Antonius Adrianus Cornelis Maria and Haitsma, Jaap Andre},
  year={2009},
  month=apr # "~21",
  publisher={Google Patents},
  note={US Patent 7,523,312}
}

@article{giannoulis2013,
  title={Musical instrument recognition in polyphonic audio using missing feature approach},
  author={Giannoulis, Dimitrios and Klapuri, Anssi},
  journal={Audio, Speech, and Language Processing, IEEE Transactions on},
  volume={21},
  number={9},
  pages={1805--1817},
  year={2013},
  publisher={IEEE}
}

@article{sahidullah2012,
  title={Design, analysis and experimental evaluation of block based transformation in MFCC computation for speaker recognition},
  author={Sahidullah, Md and Saha, Goutam},
  journal={Speech Communication},
  volume={54},
  number={4},
  pages={543--565},
  year={2012},
  publisher={Elsevier}
}

@inproceedings{ganchev2005,
  title={Comparative evaluation of various MFCC implementations on the speaker verification task},
  author={Ganchev, Todor and Fakotakis, Nikos and Kokkinakis, George},
  booktitle={Proceedings of the SPECOM},
  volume={1},
  pages={191--194},
  year={2005}
}

# Insufficient of MFCC
@inproceedings{johnson2015,
  title={Guitar model recognition from single instrument audio recordings},
  author={Johnson, David and Tzanetakis, George},
  booktitle={Communications, Computers and Signal Processing (PACRIM), 2015 IEEE Pacific Rim Conference on},
  pages={370--375},
  year={2015},
  organization={IEEE}
}

@article{bhalke2013,
  title={Musical Instrument Recognition Using Higher Order Moments},
  author={Bhalke, DG and Rao, CB Rama and Bormane, DS},
  journal={Digital Signal Processing},
  volume={5},
  number={4},
  pages={133--138},
  year={2013}
}

@article{murty2006,
  title={Combining evidence from residual phase and MFCC features for speaker recognition},
  author={Murty, K and Yegnanarayana, Bayya},
  journal={Signal Processing Letters, IEEE},
  volume={13},
  number={1},
  pages={52--55},
  year={2006},
  publisher={IEEE}
}

@inproceedings{milner2002,
  title={Speech reconstruction from mel-frequency cepstral coefficients using a source-filter model.},
  author={Milner, Ben and Shao, Xu},
  booktitle={INTERSPEECH},
  year={2002},
  organization={Citeseer}
}